<?xml version="1.0" encoding="UTF-8"?><record xmlns="http://www.loc.gov/MARC21/slim" xmlns:cinclude="http://apache.org/cocoon/include/1.0" xmlns:zs="http://www.loc.gov/zing/srw/">
  <leader>00391nz  a2200121n  4500</leader>
  <controlfield tag="001">nb2003035108</controlfield>
  <controlfield tag="003">DLC</controlfield>
  <controlfield tag="005">20030403052032.0</controlfield>
  <controlfield tag="008">030402n| acannaabn          |n aaa      </controlfield>
  <datafield tag="010" ind1=" " ind2=" ">
    <subfield code="a">nb2003035108</subfield>
  </datafield>
  <datafield tag="040" ind1=" " ind2=" ">
    <subfield code="a">Uk</subfield>
    <subfield code="b">eng</subfield>
    <subfield code="c">Uk</subfield>
  </datafield>
  <datafield tag="100" ind1="1" ind2=" ">
    <subfield code="a">Lidonde, Rose Atemo</subfield>
  </datafield>
  <datafield tag="670" ind1=" " ind2=" ">
    <subfield code="a">Advocacy manual for gender and water ambassadors, 2002:</subfield>
    <subfield code="b">t.p. (Rose Atemo Lidonde) p.3 (She works for WEDC, Loughborough University)</subfield>
  </datafield>
</record>